@article{duchi_2011,
   AUTHOR  = {Duchi, J. AND Hazan, E. AND Singer, Y.},
   TITLE   = {Adaptive subgradient methods for online learning and stochastic optimization},
   YEAR    = {2011},
   JOURNAL = {Journal of Machine Learning Research}
}

@article{hinton_2006,
   AUTHOR    = {Hinton, G. AND Salakhutdinov, R.},
   TITLE     = {Reducing the dimensionality of data with neural networks},
   YEAR      = {2006},
   VOLUME    = {313},
   NUMBER    = {5786},
   PAGES     = {504--507},
   JOURNAL   = {Science}
}

@article{hinton_2010,
   AUTHOR    = {Hinton, G.},
   TITLE     = {A Practical Guide to training Restricted Boltzmann Machines},
   YEAR      = {2010},
   JOURNAL   = {Technical Report}
}

@article{krizhevsky_2009,
   AUTHOR  = {Krizhevsky, A.},
   TITLE   = {Learning Multiple Layers of Features from Tiny Images},
   YEAR    = {2009},
   JOURNAL = {Technical Report}
}

@article{sutskever_2013,
   AUTHOR  = {Sutskever, I. AND Martens, J. AND Dahl, G. AND Hinton, G.},
   TITLE   = {On the importance of momentum and initialization in deep learning},
   YEAR    = {2013},
   JOURNAL = {International Conference on Machine Learning}
}

@article{saxe_2013,
   AUTHOR  = {Saxe, A. AND McClelland, J. AND Ganguli, S.},
   TITLE   = {Dynamics of learning in deep linear neural networks},
   YEAR    = {2013},
   JOURNAL = {NIPS Workshop on Deep Learning}
}

@article{snoek_2012,
    AUTHOR  = {Snoek, J. AND Larochelle, H. AND Adams, R.},
    TITLE   = {Practical Bayesian Optimization of Machine Learning Algorithms},
    YEAR    = {2012},
    JOURNAL = {Neural Information Processing Systems}
}

@article{tielemen_2010,
   AUTHOR    = {Tielemen, T.},
   TITLE     = {{G}numpy: an easy way to use {GPU} boards in {P}ython},
   YEAR      = {2010},
   JOURNAL   = {Technical Report}
}

@article{zeiler_2012,
   AUTHOR    = {Zeiler, M.},
   TITLE     = {{AdaDelta}: An adaptive learning rate method.},
   YEAR      = {2012},
   JOURNAL   = {Technical Report}
}


