@article{hinton_guide_tr,
   AUTHOR    = {Hinton, G.},
   TITLE     = {A Practical Guide to training Restricted Boltzmann Machines},
   YEAR      = {2010},
   JOURNAL   = {Technical Report}
}

@article{duchi_adagrad,
   AUTHOR  = {Duchi, J. AND Hazan, E. AND Singer, Y.},
   TITLE   = {Adaptive subgradient methods for online learning and stochastic optimization},
   YEAR    = {2011},
   JOURNAL = {Journal of Machine Learning Research}
}

@article{sutskever_nag,
   AUTHOR  = {Sutskever, I. AND Martens, J. AND Dahl, G. AND Hinton, G.},
   TITLE   = {On the importance of momentum and initialization in deep learning},
   YEAR    = {2013},
   JOURNAL = {International Conference on Machine Learning}
}

@article{saxe_dl_dynamics,
   AUTHOR  = {Saxe, A. AND McClelland, J. AND Ganguli, S.},
   TITLE   = {Dynamics of learning in deep linear neural networks},
   YEAR    = {2013},
   JOURNAL = {NIPS Workshop on Deep Learning}
}

@article{snoek_bayes,
    AUTHOR  = {Snoek, J. AND Larochelle, H. AND Adams, R.},
    TITLE   = {Practical Bayesian Optimization of Machine Learning Algorithms},
    YEAR    = {2012},
    JOURNAL = {Neural Information Processing Systems}
}
